%YAML 1.1
%TAG !u! tag:unity3d.com,2011:
--- !u!1001 &100100000
Prefab:
  m_ObjectHideFlags: 1
  serializedVersion: 2
  m_Modification:
    m_TransformParent: {fileID: 0}
    m_Modifications: []
    m_RemovedComponents: []
  m_SourcePrefab: {fileID: 0}
  m_RootGameObject: {fileID: 1321351333885884}
  m_IsPrefabAsset: 1
--- !u!1 &1321351333885884
GameObject:
  m_ObjectHideFlags: 0
  m_CorrespondingSourceObject: {fileID: 0}
  m_PrefabInternal: {fileID: 100100000}
  serializedVersion: 6
  m_Component:
  - component: {fileID: 4010651642481754}
  - component: {fileID: 114493165136309446}
  - component: {fileID: 114198432854888162}
  m_Layer: 0
  m_Name: Sniper
  m_TagString: Untagged
  m_Icon: {fileID: 0}
  m_NavMeshLayer: 0
  m_StaticEditorFlags: 0
  m_IsActive: 1
--- !u!4 &4010651642481754
Transform:
  m_ObjectHideFlags: 1
  m_CorrespondingSourceObject: {fileID: 0}
  m_PrefabInternal: {fileID: 100100000}
  m_GameObject: {fileID: 1321351333885884}
  m_LocalRotation: {x: -0, y: -0, z: -0, w: 1}
  m_LocalPosition: {x: 0, y: 0, z: 0}
  m_LocalScale: {x: 1, y: 1, z: 1}
  m_Children: []
  m_Father: {fileID: 0}
  m_RootOrder: 0
  m_LocalEulerAnglesHint: {x: 0, y: 0, z: 0}
--- !u!114 &114198432854888162
MonoBehaviour:
  m_ObjectHideFlags: 1
  m_CorrespondingSourceObject: {fileID: 0}
  m_PrefabInternal: {fileID: 100100000}
  m_GameObject: {fileID: 1321351333885884}
  m_Enabled: 1
  m_EditorHideFlags: 0
  m_Script: {fileID: 11500000, guid: bd60d397ad0a74641b1bb4b21338f861, type: 3}
  m_Name: 
  m_EditorClassIdentifier: 
  poolSize: 50
  prefab: {fileID: 1012571202499860, guid: 94bf5349466d8064b877a8713d0d5913, type: 2}
--- !u!114 &114493165136309446
MonoBehaviour:
  m_ObjectHideFlags: 1
  m_CorrespondingSourceObject: {fileID: 0}
  m_PrefabInternal: {fileID: 100100000}
  m_GameObject: {fileID: 1321351333885884}
  m_Enabled: 1
  m_EditorHideFlags: 0
  m_Script: {fileID: 11500000, guid: dc4268dd9e67acd49b494cf2f1a75363, type: 3}
  m_Name: 
  m_EditorClassIdentifier: 
  damage: 120
  firingRate: 1
  spread: 0.002
  bulletsPerShot: 1
  displayName: Sniper
  projectilePrefab: {fileID: 1012571202499860, guid: 94bf5349466d8064b877a8713d0d5913,
    type: 2}
  autoRefire: 0
